@book{Dresch:2015,
author = {Dresch, Aline and Lacerda, Daniel and Antunes, Junico},
year = {2015},
month = {01},
pages = {},
title = {Design Science Research: Método de Pesquisa para Avanço da Ciência e Tecnologia},
isbn = {978-85-8260-298-0},
doi = {10.13140/2.1.2264.2885}
}


@techreport{Xexeo:2017,
  author    = {Xexéo, Geraldo and Carmo, Airine and Acioli, Augusto and Taucei, Bernardo and DIpolitto, Claudio and Mangeli, Eduardo and Kritz, Joshua and Costa, Luis Felipe Coimbra and Monclar, Rafael and others},
  title     = {O {Que} {São} {Jogos}},
  year      = {2017},
  groups    = {game design vocabulary, emotions},
  owner     = {mangeli},
  institution = {Programa de Engenharia de Sistemas e Computação, COPPE/UFRJ},
  url       = {http://www.cos.ufrj.br/index.php/pt-BR/publicacoes-pesquisa/details/15/2766},
}
